<record><leader>00000cas a22000007a 4500</leader><controlfield tag="001">11933151</controlfield><controlfield tag="008">850417d18791884njuwr ne      0    0eng d</controlfield><datafield ind1=" " ind2=" " tag="010"><subfield code="a">sn 85035579 </subfield></datafield><datafield ind1=" " ind2=" " tag="040"><subfield code="a">NPA</subfield><subfield code="b">eng</subfield><subfield code="c">NPA</subfield><subfield code="d">NJW</subfield><subfield code="d">OCLCQ</subfield></datafield><datafield ind1=" " ind2=" " tag="042"><subfield code="a">msc</subfield></datafield><datafield ind1="0" ind2="4" tag="245"><subfield code="a">The Englewood standard.</subfield></datafield><datafield ind1=" " ind2=" " tag="260"><subfield code="a">Englewood, Bergen Co., N.J. :</subfield><subfield code="b">Tillotson &amp; Lichtenberg,</subfield><subfield code="c">1879-1884.</subfield></datafield><datafield ind1=" " ind2=" " tag="300"><subfield code="a">v. :</subfield><subfield code="b">ill. (chiefly advertisements)</subfield></datafield><datafield ind1=" " ind2=" " tag="310"><subfield code="a">Weekly</subfield></datafield><datafield ind1="0" ind2=" " tag="362"><subfield code="a">Vol. 1, no. 1 (Jan. 4, 1879)-v. 6, no. 29 (July 12, 1884).</subfield></datafield><datafield ind1=" " ind2=" " tag="530"><subfield code="a">Also issued on microfilm by Microfilming Corp. of America.</subfield></datafield><datafield ind1=" " ind2=" " tag="752"><subfield code="a">United States</subfield><subfield code="b">New Jersey</subfield><subfield code="c">Bergen</subfield><subfield code="d">Englewood.</subfield></datafield><datafield ind1="0" ind2="7" tag="785"><subfield code="t">Englewood times (Englewood, N.J. : 1874)</subfield><subfield code="w">(DLC)sn 84038697</subfield><subfield code="w">(OCoLC)11451298</subfield></datafield><datafield ind1="0" ind2="7" tag="785"><subfield code="t">Englewood standard times</subfield><subfield code="w">(DLC)sn 85035580</subfield><subfield code="w">(OCoLC)11933155</subfield></datafield></record>